
@InProceedings{gp,
author={Barth, Barbara and Butler, Greg and Czarnecki, Krzysztof and Eisenecker, Ulrich},
editor={Frohner, {\'A}kos},
title={Generative Programming},
booktitle={Object-Oriented Technology},
year={2002},
publisher={Springer Berlin Heidelberg},
address={Berlin, Heidelberg},
pages={135-149}
}

@InProceedings{gpl,
author="Czarnecki, Krzysztof and Eisenecker, Ulrich and Gl{\"u}ck, Robert and Vandevoorde, David and Veldhuizen, Todd",
editor="Jazayeri, Mehdi and Loos, R{\"u}diger G. K. and Musser, David R.",
title="Generative Programming and Active Libraries",
booktitle="Generic Programming",
year="2000",
publisher="Springer Berlin Heidelberg",
address="Berlin, Heidelberg",
pages="25-39"
}

@book{templates,
  title={Code Generation with Templates},
  author={Arnoldus, J. and van den Brand, M. and Serebrenik, A. and Brunekreef, J.J.},
  isbn={9789491216565},
  series={Atlantis Studies in Computing},
  url={https://books.google.ca/books?id=UvC0MJHSqjkC},
  year={2012},
  publisher={Atlantis Press}
}

@book{codeg,
author = {Herrington, Jack},
title = {Code Generation in Action},
year = {2003},
isbn = {1930110979},
publisher = {Manning Publications Co.},
address = {USA}
}

@article{apigena,
author = {Bárzano Cruz, César Hugo },
year = {2020},
title = {APIGENA: Generación de APIs Como Linea de Productos Software},
url={https://github.com/hugobarzano/apigena/blob/master/doc/doc.pdf}
}

@misc{ci,
  author = {Fowler, M. and Foemmel, M.},
  keywords = {agile},
  title = {Continuous integration},
  url = {http://www.martinfowler.com/articles/continuousIntegration.html},
  year = {2005}
}



@article{cd,
title = "Continuous Delivery: Overcoming adoption challenges",
journal = "Journal of Systems and Software",
volume = "128",
year = "2017",
issn = "0164-1212",
url = "http://www.sciencedirect.com/science/article/pii/S0164121217300353",
author = "Lianping, Chen",
keywords = "Agile Software Development, Continuous Delivery, Continuous Deployment, Continuous Software Engineering, DevOps, Adoption"
}



@article{cdpl,
  title={Problems and Solutions of Continuous Deployment: A Systematic Review},
  author={Antoine Proulx and Francis Raymond and Bruno Roy and F{\'a}bio Petrillo},
  journal={ArXiv},
  year={2018},
  volume={abs/1812.08939},
  url       = {http://arxiv.org/abs/1812.08939}
}
@inproceedings{cicd,
  author={S. A. I. B. S. {Arachchi} and I. {Perera}},
  booktitle={2018 Moratuwa Engineering Research Conference (MERCon)}, 
  title={Continuous Integration and Continuous Delivery Pipeline Automation for Agile Software Project Management}, 
  year={2018},
  pages={156-161}
}


@misc{agile,
  author = {Beck, Kent and Beedle, Mike and van Bennekum, Arie and Cockburn, Alistair and Cunningham, Ward and Fowler, Martin and Grenning, James and Highsmith, Jim and Hunt, Andrew and Jeffries, Ron and Kern, Jon and Marick, Brian and Martin, Robert C. and Mellor, Steve and Schwaber, Ken and Sutherland, Jeff and Thomas, Dave},
  booktitle = {Manifesto for Agile Software Development},
  description = {Manifesto for Agile Software Development},
  title = {Manifesto for Agile Software Development},
  url = {http://www.agilemanifesto.org/},
  year = 2001,
  volume = {9}
}


@article{decada,
title = "A Decade of Agile Methodologies: Towards explaining agile software development",
journal = "Journal of Systems and Software",
volume = "85",
number = "6",
pages = "1213 - 1221",
year = "2012",
note = "Special Issue: Agile Development",
issn = "0164-1212",
url = "http://www.sciencedirect.com/science/article/pii/S0164121212000532",
author = "Torgeir Dingsøyr and Sridhar Nerur and VenuGopal Balijepally and Nils Brede Moe"
}

@misc{realacademia,
    title     = "Real Academia de Ingeniería, Computación en la nube",
    url       = "http://diccionario.raing.es/es/lema/computacion-en-la-nube"
}

@article{magazine,
author = {Armbrust, Michael and Fox, Armando and Griffith, Rean and Joseph, Anthony and Katz, Randy and Konwinski, Andy and Lee, Gunho and Patterson, David and Rabkin, Ariel and Stoica, Ion and Zaharia, Matei},
year = {2010},
month = {04},
pages = {50-58},
title = {A View of Cloud Computing},
volume = {53},
journal = {Commun. ACM}
}

@article{cloudtech,
author = {Ahmed, Omar and Haji, Lailan and Zebari, Rizgar and Abass, Shakir and Sadeeq, Mohammad},
year = {2020},
month = {04},
pages = {40-47},
title = {Comparison Among Cloud Technologies and Cloud Performance},
volume = {1},
journal = {Journal of Applied Science and Technology Trends}
}

@misc{gcp,
    title     = "Google {C}loud {P}latform: Proveedor Nube Pública",
    url       = "https://cloud.google.com"
}

@misc{aws,
    title     = "Amazon {W}eb {S}ervices: Proveedor Nube Pública",
    url       = "https://aws.amazon.com"
}


@misc{azure,
    title     = "Microsoft {A}zure: Proveedor Nube Pública",
    url       = "https://azure.microsoft.com"
}


@misc{saas,
    title     = "Microsoft {A}zure: Software Como Servicio {SAAS}",
    url       = "https://azure.microsoft.com/es-es/overview/what-is-saas"
}

@misc{paas,
    title     = "CLOUDFLARE: Platform A A Service {PAAS}",
    url       = "https://www.cloudflare.com/learning/serverless/glossary/platform-as-a-service-paas"
}

@misc{iaas,
    title     = "Microsoft {A}zure: Infraestructura Como Servicio {IAAS}",
    url       = "https://azure.microsoft.com/es-es/overview/what-is-iaas"
}



@misc{gcpcode,
    title     = "Google {C}loud {P}latform - {C}loud {C}ode: Ecribir, Depurar y Ejecutar Aplicaciones de Kubernetes",
    url       = "https://cloud.google.com/code?hl=es-419"
}

@misc{awscode,
    title     = "Amazon {W}eb {S}ervices - {C}odeDeploy: Automatización de Implementaciones de Código",
    url       = "https://aws.amazon.com/es/codedeploy"
}

@misc{awspipe,
    title     = "Amazon {W}eb {S}ervices - {C}odePipeline: Automatización de Pipelines e Integración Continua",
    url       = "https://aws.amazon.com/es/codepipeline"
}

@misc{kube,
    title     = "Red {H}at - {K}ubernetes: Implementación de Contenedores",
    url       = "https://www.redhat.com/es/topics/containers/what-is-kubernetes"
}

@misc{hero,
    title     = "Heroku: Platform As A Service to Build, Run, and Operate Applications in the Cloud",
    url       = "https://www.heroku.com/"
}

@misc{travis,
    title     = "TRAVIS {CI} - Test and Deploy with Confidence",
    url       = "https://travis-ci.org"
}

@misc{dhub,
    title     = "Docker {H}ub: Create, Manage, and Deliver Container",
    url       = "https://hub.docker.com/"
}


@misc{tom,
    author    = "Bárzano Cruz, César Hugo",
    title     = "Diagrama Planificación",
    url       = "https://www.tomsplanner.es"
}

@misc{diagrama,
    author    = { Bárzano Cruz, César Hugo },
    title     = {Diagrama Análisis},
    url       = {https://www.draw.io}
}

@Inbook{mvc3,
	title="Model-View-Controller Pattern",
	bookTitle="Learn Objective-C for Java Developers",
	year="2009",
	publisher="Apress",
	address="Berkeley, CA",
	pages="353-402",
	charper = "20"
}

@book{go,
    author    = "Bonventre, Andrew",
    title     = "Go 1.13 Release Notes",
    month = {09},
    year      = "2019",
    publisher = "golang.org",
   url = "https://golang.org/doc/copyright.html"
}


@book{mg,
author = {Chodorow, Kristina and Dirolf, Michael},
title = {MongoDB: The Definitive Guide},
year = {2010},
isbn = {1449381561},
publisher = {O’Reilly Media, Inc.},
edition = {1st}
}

@misc{github,
    title     = "GitHub: Getting Started with {G}ithub",
    url = "https://github.com"
}

@misc{github2,
    title     = "GitHub: Conociendo {G}itHub",
    url = {http://conociendogithub.readthedocs.io/en/latest/data/introduccion/#que-es-github}
}

@misc{github3,
    title     = "Github: Documentación de {G}itHub {A}ctions",
    url = {https://help.github.com/es/actions}
}

@misc{github4,
    title     = "Github: Documentación de {G}itHub {P}ackages",
    url = {https://github.com/features/packages}
}

@misc{dk,
    title     = "Docker Documentación - Aislamiento de Recursos",
    url = "https://www.docker.com/what-docker"
}

@misc{jq,
    title     = "The jQuery Foundation: Write Less, Do More",
    url = {https://jquery.com }
}

@misc{aj,
    author    = "Eguiluz, Javier ",
    title     = "Documentación de {AJAX}: Introducción a {AJAX}",
    url = {https://librosweb.es/libro/ajax}
}

@misc{boot,
    title     = "Bootstrap {T}eam: Documentación de {B}ootstrap",
    url = {https://getbootstrap.com}
}
